@article{cartea2019trading,
  title={Trading co-integrated assets with price impact},
  author={Cartea, {\'A}lvaro and Gan, Luhui and Jaimungal, Sebastian},
  journal={Mathematical Finance},
  volume={29},
  number={2},
  pages={542--567},
  year={2019},
  publisher={Wiley Online Library}
}
@article{li2020optimal,
  title={Optimal portfolio liquidation with cross-price impacts on trading},
  author={Li, Yi and Guo, Juâ€™e and Lai, Kin Keung and Shi, Jinzhao},
  journal={Operational Research},
  pages={1--20},
  year={2020},
  publisher={Springer}
}
@article{bergault2022multi,
  title={Multi-asset Optimal Execution and Statistical Arbitrage Strategies under Ornstein--Uhlenbeck Dynamics},
  author={Bergault, Philippe and Drissi, Fay{\c{c}}al and Gu{\'e}ant, Olivier},
  journal={SIAM Journal on Financial Mathematics},
  volume={13},
  number={1},
  pages={353--390},
  year={2022},
  publisher={SIAM}
}
@article{cordoni2022transient,
  title={Transient impact from the Nash equilibrium of a permanent market impact game},
  author={Cordoni, Francesco and Lillo, Fabrizio},
  journal={arXiv preprint arXiv:2205.00494},
  year={2022}
}
@article{cartea2016algorithmic,
  title={Algorithmic trading of co-integrated assets},
  author={Cartea, Alvaro and Jaimungal, Sebastian},
  journal={International Journal of Theoretical and Applied Finance},
  volume={19},
  number={06},
  pages={1650038},
  year={2016},
  publisher={World Scientific}
}
@article{lintilhac2017model,
  title={Model-based pairs trading in the bitcoin markets},
  author={Lintilhac, Paul S and Tourin, Agnes},
  journal={Quantitative Finance},
  volume={17},
  number={5},
  pages={703--716},
  year={2017},
  publisher={Taylor \& Francis}
}
@article{duan2004option,
  title={Option valuation with co-integrated asset prices},
  author={Duan, Jin-Chuan and Pliska, Stanley R},
  journal={Journal of Economic Dynamics and Control},
  volume={28},
  number={4},
  pages={727--754},
  year={2004},
  publisher={Elsevier}
}
@article{gatheral2012transient,
	title={Transient linear price impact and Fredholm integral equations},
	author={Gatheral, Jim and Schied, Alexander and Slynko, Alla},
	journal={Mathematical Finance: An International Journal of Mathematics, Statistics and Financial Economics},
	volume={22},
	number={3},
	pages={445--474},
	year={2012},
	publisher={Wiley Online Library}
}
@article{neuman2022optimal,
	title={Optimal signal-adaptive trading with temporary and transient price impact},
	author={Neuman, Eyal and Vo{\ss}, Moritz},
	journal={SIAM Journal on Financial Mathematics},
	volume={13},
	number={2},
	pages={551--575},
	year={2022},
	publisher={SIAM}
}
@article{schneider2019cross,
	title={Cross-impact and no-dynamic-arbitrage},
	author={Schneider, Michael and Lillo, Fabrizio},
	journal={Quantitative Finance},
	volume={19},
	number={1},
	pages={137--154},
	year={2019},
	publisher={Taylor \& Francis}
}
@article{alfonsi2016multivariate,
	title={Multivariate transient price impact and matrix-valued positive definite functions},
	author={Alfonsi, Aur{\'e}lien and Kl{\"o}ck, Florian and Schied, Alexander},
	journal={Mathematics of operations research},
	volume={41},
	number={3},
	pages={914--934},
	year={2016},
	publisher={INFORMS}
}
@article{benzaquen2017dissecting,
	title={Dissecting cross-impact on stock markets: An empirical analysis},
	author={Benzaquen, Michael and Mastromatteo, Iacopo and Eisler, Zoltan and Bouchaud, Jean-Philippe},
	journal={Journal of Statistical Mechanics: Theory and Experiment},
	volume={2017},
	number={2},
	pages={023406},
	year={2017},
	publisher={IOP Publishing}
}
@article{dellacherie1979probabilities,
	title={Probabilities and potential},
	author={Dellacherie, C and Meyer, PA},
	year={1979},
	publisher={Elsevier Science}
}
@book{dellacherie2011probabilities,
	title={Probabilities and Potential, B: Theory of Martingales},
	author={Dellacherie, C and Meyer, P-A},
	year={2011},
	publisher={Elsevier}
}
@book{cohn2013measure,
	title={Measure theory},
	author={Cohn, Donald L},
	volume={1},
	year={2013},
	publisher={Springer}
}
@article{almgren2001optimal,
	title={Optimal execution of portfolio transactions},
	author={Almgren, Robert and Chriss, Neil},
	journal={Journal of Risk},
	volume={3},
	pages={5--40},
	year={2001}
}
@article{freiling2002survey,
	title={A survey of nonsymmetric Riccati equations},
	author={Freiling, Gerhard},
	journal={Linear algebra and its applications},
	volume={351},
	pages={243--270},
	year={2002},
	publisher={Elsevier}
}